@Article{vajjala17,
  author = {Vajjala, Sowmya},
  title = {Automated Assessment of Non-Native Learner Essays: Investigating the Role of Linguistic Features},
  journal = {International Journal of Artificial Intelligence in Education},
  year = {2017},
  month = 2,
  day = {07},
  pages = {1--27},
  issn = {1560-4306},
  doi = {10.1007/s40593-017-0142-3},
  url = {https://doi.org/10.1007/s40593-017-0142-3}
}

@Article{goldberg2016primer,
  title = {A Primer on Neural Network Models for Natural Language Processing.},
  author = {Goldberg, Yoav},
  journal = {J. Artif. Intell. Res.(JAIR)},
  volume = {57},
  pages = {345--420},
  year = {2016}
}

@Article{carlsen2012proficiency,
  title = {Proficiency level—A fuzzy variable in computer learner corpora},
  author = {Carlsen, Cecilie},
  journal = {Applied Linguistics},
  volume = {33},
  number = {2},
  pages = {161--183},
  year = {2012},
  publisher = {Oxford University Press}
}

@Article{lu2010automatic,
  title = {Automatic analysis of syntactic complexity in second language writing},
  author = {Lu, Xiaofei},
  journal = {International journal of corpus linguistics},
  volume = {15},
  number = {4},
  pages = {474--496},
  year = {2010},
  publisher = {John Benjamins Publishing Company}
}

@Article{ruder17overview,
  title = {An overview of multi-task learning in deep neural networks},
  author = {Ruder, Sebastian},
  journal = {arXiv preprint arXiv:1706.05098},
  year = {2017}
}

@Article{plank2017all,
  title = {All-In-1 at IJCNLP-2017 Task 4: Short Text Classification with One Model for All Languages},
  author = {Plank, Barbara},
  journal = {Proceedings of the IJCNLP 2017, Shared Tasks},
  pages = {143--148},
  year = {2017}
}

@Article{ruder2017overview,
  title = {An overview of multi-task learning in deep neural networks},
  author = {Ruder, Sebastian},
  journal = {arXiv preprint arXiv:1706.05098},
  year = {2017}
}

@Article{ruder2017learning,
  title = {Learning to select data for transfer learning with Bayesian Optimization},
  author = {Ruder, Sebastian and Plank, Barbara},
  journal = {arXiv preprint arXiv:1707.05246},
  year = {2017}
}

@Article{pappas17,
  title = {Multilingual hierarchical attention networks for document classification},
  author = {Pappas, Nikolaos and Popescu-Belis, Andrei},
  journal = {arXiv preprint arXiv:1707.00896},
  year = {2017}
}

@Article{malmasi17,
  title = {Native language identification using stacked generalization},
  author = {Malmasi, Shervin and Dras, Mark},
  journal = {arXiv preprint arXiv:1703.06541},
  year = {2017}
}

@Article{mikolov2013word2vec,
  title = {Efficient estimation of word representations in vector space},
  author = {Mikolov, Tomas and Chen, Kai and Corrado, Greg and Dean, Jeffrey},
  journal = {arXiv preprint arXiv:1301.3781},
  year = {2013}
}

@Article {blanchard13,
  author = {Blanchard, Daniel and Tetreault, Joel and Higgins, Derrick and Cahill, Aoife and Chodorow, Martin},
  title = {TOEFL11: A Corpus of Non-Native English},
  journal = {ETS Research Report Series},
  volume = {2013},
  number = {2},
  issn = {2330-8516},
  url = {http://dx.doi.org/10.1002/j.2333-8504.2013.tb02331.x},
  doi = {10.1002/j.2333-8504.2013.tb02331.x},
  pages = {i--15},
  keywords = {native language identification, corpora, TOEFL® test},
  year = {2013}
}

@Online{ruder17,
  author = {Sebastian Ruder},
  date = {2017-09-24},
  title = {Multi-Task Learning Objectives for Natural Language Processing},
  url = {http://ruder.io/multi-task-learning-nlp/},
  urldate = {2018-02-10}
}

@Book{golden15,
  editor = {Golden, Anne and Selj, Elisabeth},
  title = {Skriving på norsk som andrespråk},
  subtitle = {Vurdering, opplæring og elevenes stemmer},
  year = {2015},
  address = {Oslo, Norway},
  publisher = {Cappelen Damm akademisk}
}

@Book{berggreen12,
  author = {Berggreen, Harald and Sørland, Kjartan and Alver, Vigdis},
  title = {God nok i norsk?},
  subtitle = {Språk- og skriveutvikling hos elever med norsk som andrespråk},
  year = {2012},
  address = {Bergen, Norway},
  publisher = {Cappelen Damm akademisk}
}

@book {marslandML,
  author = {Marsland, Stephen},
  title = {Machine Learning},
  subtitle = {An Algorithmic Perspective},
  year = {2015},
  address = {Boca Raton, USA},
  publisher = {CRC Press}
}

@book {myers-scotton,
  author = {Myers-Scotton, Carol},
  title = {Multiple Voices},
  subtitle = {An Introduction to Bilingualism},
  year = {2006},
  address = {Oxford, UK},
  publisher = {Blackwell Publishing}
}
